%YAML 1.1
%TAG !u! tag:unity3d.com,2011:
--- !u!1 &145570
GameObject:
  m_ObjectHideFlags: 0
  m_PrefabParentObject: {fileID: 0}
  m_PrefabInternal: {fileID: 100100000}
  serializedVersion: 4
  m_Component:
  - 4: {fileID: 461954}
  - 114: {fileID: 11429604}
  - 114: {fileID: 11489050}
  m_Layer: 0
  m_Name: Game Controller
  m_TagString: Untagged
  m_Icon: {fileID: 0}
  m_NavMeshLayer: 0
  m_StaticEditorFlags: 0
  m_IsActive: 1
--- !u!4 &461954
Transform:
  m_ObjectHideFlags: 1
  m_PrefabParentObject: {fileID: 0}
  m_PrefabInternal: {fileID: 100100000}
  m_GameObject: {fileID: 145570}
  m_LocalRotation: {x: 0, y: 0, z: 0, w: 1}
  m_LocalPosition: {x: 0, y: 0, z: 0}
  m_LocalScale: {x: 1, y: 1, z: 1}
  m_Children: []
  m_Father: {fileID: 0}
  m_RootOrder: 0
--- !u!114 &11429604
MonoBehaviour:
  m_ObjectHideFlags: 1
  m_PrefabParentObject: {fileID: 0}
  m_PrefabInternal: {fileID: 100100000}
  m_GameObject: {fileID: 145570}
  m_Enabled: 1
  m_EditorHideFlags: 0
  m_Script: {fileID: 11500000, guid: 846c391b0f591364390083184f7d4244, type: 3}
  m_Name: 
  m_EditorClassIdentifier: 
  isPlayerTurn: 0
  areEnemiesMoving: 0
  playerCurrentHealth: 50
  gameOverSound: {fileID: 8300000, guid: bbdad7cac71eab54fb165d6131d31772, type: 3}
--- !u!114 &11489050
MonoBehaviour:
  m_ObjectHideFlags: 1
  m_PrefabParentObject: {fileID: 0}
  m_PrefabInternal: {fileID: 100100000}
  m_GameObject: {fileID: 145570}
  m_Enabled: 1
  m_EditorHideFlags: 0
  m_Script: {fileID: 11500000, guid: 75027df5fe00bee4e80642a1ce3a8592, type: 3}
  m_Name: 
  m_EditorClassIdentifier: 
  columns: 10
  rows: 10
  floors:
  - {fileID: 120412, guid: dbc817b62edebec41b3e95caa1b6f63b, type: 2}
  - {fileID: 131628, guid: f7b0acc6cdc09244e8abf07c32149aa6, type: 2}
  - {fileID: 191476, guid: ad31ec9d997691442be08915c880a5cd, type: 2}
  - {fileID: 179830, guid: bd90ae12e4841f44399640376a7bd18b, type: 2}
  - {fileID: 197924, guid: 059d0a3878ada4c4bb5dbd7b09498927, type: 2}
  - {fileID: 160830, guid: 1b7e37218e904c042b50172aa5b3ff0e, type: 2}
  - {fileID: 163102, guid: ac808cc69eed34643ab9061852a65132, type: 2}
  - {fileID: 194518, guid: 9d775525d66c0a447992676b5815f7de, type: 2}
  outerWalls:
  - {fileID: 105694, guid: 5e4d0d37a83c5e649bca93e6517a518e, type: 2}
  - {fileID: 130454, guid: 54bbdd9c831acd540938b4095a3f2226, type: 2}
  - {fileID: 143730, guid: 89e4f7e18d8e1324d8ad701a333fcb9f, type: 2}
  wallObstacles:
  - {fileID: 195818, guid: 21e4997a54980ef45b2f0c3d84deec1d, type: 2}
  - {fileID: 164566, guid: 1021f4a9d7a159c479875e16d1f09c7b, type: 2}
  - {fileID: 116884, guid: 2de1fae0dc373ce4d92142c99583ec74, type: 2}
  - {fileID: 119662, guid: ea037aaebb213b041bda47575cd54dc5, type: 2}
  - {fileID: 131752, guid: 5d42906670aa64b40b30fc5790de99aa, type: 2}
  - {fileID: 181796, guid: edc7b6cb1fbe42147a67162afa85335f, type: 2}
  - {fileID: 165000, guid: e53fbc9cf9f919d42b46ba3ba2252f3f, type: 2}
  - {fileID: 100604, guid: b62f2fb70b533b94bbd5402920a03c0c, type: 2}
  foodItems:
  - {fileID: 169798, guid: ec0af836febcd974ea13337d5e7fc601, type: 2}
  - {fileID: 193028, guid: 5711154573fdc494686057382b3fef4e, type: 2}
  enemies:
  - {fileID: 180948, guid: 0ee3c9dd4c323094c98a21228d56dccf, type: 2}
  - {fileID: 138610, guid: 9b55436dd0cbcfb4b8954198ab0be1b2, type: 2}
  - {fileID: 162650, guid: d07b346b1ca199c4aae23c2be5e78733, type: 2}
  mexicanBread:
  - {fileID: 158898, guid: ef7014ce590b5ab4182f3a231c56900d, type: 2}
  exit: {fileID: 175294, guid: 34ae7ad6f13823442a53335adba7a441, type: 2}
--- !u!1001 &100100000
Prefab:
  m_ObjectHideFlags: 1
  serializedVersion: 2
  m_Modification:
    m_TransformParent: {fileID: 0}
    m_Modifications:
    - target: {fileID: 0}
      propertyPath: floors.Array.size
      value: 8
      objectReference: {fileID: 0}
    - target: {fileID: 0}
      propertyPath: foodItems.Array.size
      value: 2
      objectReference: {fileID: 0}
    - target: {fileID: 0}
      propertyPath: outerWalls.Array.size
      value: 3
      objectReference: {fileID: 0}
    - target: {fileID: 0}
      propertyPath: foodObjects.Array.size
      value: 2
      objectReference: {fileID: 0}
    - target: {fileID: 0}
      propertyPath: wallObstacles.Array.size
      value: 8
      objectReference: {fileID: 0}
    - target: {fileID: 0}
      propertyPath: wallObstacles.Array.data[8]
      value: 
      objectReference: {fileID: 0}
    - target: {fileID: 0}
      propertyPath: wallObstacles.Array.data[9]
      value: 
      objectReference: {fileID: 0}
    - target: {fileID: 0}
      propertyPath: wallObstacles.Array.data[10]
      value: 
      objectReference: {fileID: 0}
    - target: {fileID: 0}
      propertyPath: wallObstacles.Array.data[7]
      value: 
      objectReference: {fileID: 100604, guid: b62f2fb70b533b94bbd5402920a03c0c, type: 2}
    m_RemovedComponents: []
  m_ParentPrefab: {fileID: 0}
  m_RootGameObject: {fileID: 145570}
  m_IsPrefabParent: 1
